@misc{scalettar,
    title = {An Introduction to the Hubbard Hamiltonian},
    howpublished = {\url{https://www.cond-mat.de/events/correl16/manuscripts/scalettar.pdf}},
    author = {Richard T. Scalettar},
    note = {Accessed: 2019-05-04}
}